@misc{konigsbergwikipedia,
    author    = "Wikipedia",
    title     = "Seven Bridges of KÃ¶nigsberg",
    url       = "https://en.wikipedia.org/wiki/Seven_Bridges_of_K%C3%B6nigsberg"
}

@article{euleroriginal,
    address = {http://www.math.dartmouth.edu/\~{}euler/docs/originals/E053.pdf},
    author = {Euler, Leonard},
    citeulike-article-id = {9589611},
    citeulike-linkout-0 = {http://www.math.dartmouth.edu/\~{}euler/pages/E053.html},
    journal = {Commentarii academiae scientiarum Petropolitanae},
    keywords = {theory},
    pages = {128--140},
    posted-at = {2011-07-27 22:24:46},
    priority = {2},
    title = {{Solutio problematis ad geometriam situs pertinentis}},
    url = {http://www.math.dartmouth.edu/\~{}euler/pages/E053.html},
    volume = {8},
    year = {1741}
}
